@book{FDES-1,
  title     = "Framework for the development of environment statistics 2013",
  editor    = "{United Nations Publications}",
  publisher = "United Nations",
  series    = "Statistical Papers (Ser. M)",
  month     =  jun,
  year      =  2017,
  address   = "New York, NY",
  chapter   = {5},
  pages     = {132},
  URL = {https://unstats.un.org/unsd/environment/fdes/FDES-2015-supporting-tools/FDES.pdf},
}
@article{10.2307/1243439,
 ISSN = {00029092, 14678276},
 URL = {http://www.jstor.org/stable/1243439},
 author = {V. James Rhodes},
 journal = {American Journal of Agricultural Economics},
 number = {5},
 pages = {1137--1139},
 publisher = {[Agricultural & Applied Economics Association, Oxford University Press]},
 title = {Industrialization of Agriculture: Discussion},
 urldate = {2022-11-01},
 volume = {75},
 year = {1993}
}
@article{owidagriculturalproduction,
  author = {Hannah Ritchie and Pablo Rosado and Max Roser},
  title = {Agricultural Production},
  journal = {Our World in Data},
  year = {2020},
  URL = {https://ourworldindata.org/agricultural-production}
}
@BOOK{Food_and_Agriculture_Organization_of_the_United_Nations2010-hb,
  title     = "Manual for the preparation and sale of fruits and vegetables",
  author    = "{Food and Agriculture Organization of the United Nations}",
  publisher = "Food \& Agriculture Organization of the United Nations (FAO)",
  series    = "FAO agricultural services bulletin",
  month     =  jul,
  year      =  2010,
  address   = "Rome, Italy"
}
@book{FAO1,
  doi = {10.4060/cb1329en},
  url = {https://doi.org/10.4060/cb1329en},
  year = {2020},
  publisher = {{FAO}},
  title = {World Food and Agriculture - Statistical Yearbook 2020}
}
@misc{eu-5432011,
  author={{Commision of European Union}},
  title={Commission Implementing Regulation (EU) No 543/2011},
  year={2011},
  month= june,
  day= {7},
  UTL={https://eur-lex.europa.eu/eli/reg_impl/2011/543},
}
@article{Nturambirwe2020,
  doi = {10.1016/j.biosystemseng.2019.11.011},
  url = {https://doi.org/10.1016/j.biosystemseng.2019.11.011},
  year = {2020},
  month = jan,
  publisher = {Elsevier {BV}},
  volume = {189},
  pages = {60--83},
  author = {Jean Frederic Isingizwe Nturambirwe and Umezuruike Linus Opara},
  title = {Machine learning applications to non-destructive defect detection in horticultural products},
  journal = {Biosystems Engineering}
}