@article{kitch,
author = {Kitchenham, Barbara},
year = {2004},
month = {08},
pages = {33},
title = {Procedures for Performing Systematic Reviews},
journal = {Keele, UK, Keele Univ.}
}
@article{Par2015,
  doi = {10.1016/j.im.2014.08.008},
  url = {https://doi.org/10.1016/j.im.2014.08.008},
  year = {2015},
  month = mar,
  publisher = {Elsevier {BV}},
  volume = {52},
  number = {2},
  pages = {183--199},
  author = {Guy Par{\'{e}} and Marie-Claude Trudel and Mirou Jaana and Spyros Kitsiou},
  title = {Synthesizing information systems knowledge: A typology of literature reviews},
  journal = {Information \& Management}
}