@INPROCEEDINGS{Fadchar2020-pp,
  title           = "A non-destructive approach of young coconut maturity
                     detection using acoustic vibration and neural network",
  booktitle       = "2020 16th {IEEE} International Colloquium on Signal
                     Processing \& Its Applications ({CSPA})",
  author          = "Fadchar, Nemilyn A and Cruz, Jennifer C Dela",
  publisher       = "IEEE",
  month           =  feb,
  year            =  2020,
  copyright       = "https://ieeexplore.ieee.org/Xplorehelp/downloads/license-information/IEEE.html",
  conference      = "2020 16th IEEE International Colloquium on Signal
                     Processing \& Its Applications (CSPA)",
  location        = "Langkawi, Malaysia"
}

@INPROCEEDINGS{Choi2018-xp,
  title           = "A real-time smart fruit quality grading system classifying
                     by external appearance and internal flavor factors",
  booktitle       = "2018 {IEEE} International Conference on Industrial
                     Technology ({ICIT})",
  author          = "Choi, Han Suk and Cho, Je Bong and Kim, Sang Gyun and
                     Choi, Hong Seok",
  publisher       = "IEEE",
  month           =  feb,
  year            =  2018,
  conference      = "2018 IEEE International Conference on Industrial
                     Technology (ICIT)",
  location        = "Lyon"
}

@INPROCEEDINGS{Pande2019-fz,
  title           = "An efficient approach to fruit classification and grading
                     using deep convolutional neural network",
  booktitle       = "2019 {IEEE} 5th International Conference for Convergence
                     in Technology ({I2CT})",
  author          = "Pande, Aditi and Munot, Mousami and Sreeemathy, R and
                     Bakare, R V",
  publisher       = "IEEE",
  month           =  mar,
  year            =  2019,
  conference      = "2019 IEEE 5th International Conference for Convergence in
                     Technology (I2CT)",
  location        = "Bombay, India"
}

@INPROCEEDINGS{Nie2019-hx,
  title           = "Apple external quality analysis based on {BP} neural
                     network",
  booktitle       = "2019 1st International Conference on Industrial Artificial
                     Intelligence ({IAI})",
  author          = "Nie, Maoyong and Zhao, Qinjun and Bi, Shuhui and Xu, Yuan
                     and Shen, Tao",
  publisher       = "IEEE",
  month           =  jul,
  year            =  2019,
  copyright       = "https://ieeexplore.ieee.org/Xplorehelp/downloads/license-information/IEEE.html",
  conference      = "2019 1st International Conference on Industrial Artificial
                     Intelligence (IAI)",
  location        = "Shenyang, China"
}

@INPROCEEDINGS{Hamza2018-sc,
  title           = "Apple ripeness estimation using artificial neural network",
  booktitle       = "2018 International Conference on High Performance
                     Computing \& Simulation ({HPCS})",
  author          = "Hamza, Raja and Chtourou, Mohamed",
  publisher       = "IEEE",
  month           =  jul,
  year            =  2018,
  conference      = "2018 International Conference on High Performance
                     Computing \& Simulation (HPCS)",
  location        = "Orleans"
}

@INPROCEEDINGS{Bautista2020-ye,
  title           = "Automated sorter and grading of tomatoes using image
                     analysis and deep learning techniques",
  booktitle       = "2020 {IEEE} 12th International Conference on Humanoid,
                     Nanotechnology, Information Technology, Communication and
                     Control, Environment, and Management ({HNICEM})",
  author          = "Bautista, Justine Fred and Ocena, Christian Dave and
                     Cabreros, Mher Jason and Alagao, Stephen Paul L",
  publisher       = "IEEE",
  month           =  dec,
  year            =  2020,
  conference      = "2020 IEEE 12th International Conference on Humanoid,
                     Nanotechnology, Information Technology, Communication and
                     Control, Environment, and Management (HNICEM)",
  location        = "Manila, Philippines"
}

@INPROCEEDINGS{Mohtar2019-ru,
  title           = "Automatic classification of mangosteen ripening stages
                     using deep learning",
  booktitle       = "2019 1st International Conference on Artificial
                     Intelligence and Data Sciences ({AiDAS})",
  author          = "Mohtar, Itaza Afiani and Ramli, Nur Shahidah Syazwani and
                     Ahmad, Zaaba",
  publisher       = "IEEE",
  month           =  sep,
  year            =  2019,
  conference      = "2019 1st International Conference on Artificial
                     Intelligence and Data Sciences (AiDAS)",
  location        = "Ipoh, Perak, Malaysia"
}

@INPROCEEDINGS{Saragih2021-wu,
  title           = "Banana ripeness classification based on deep learning
                     using convolutional neural network",
  booktitle       = "2021 3rd East Indonesia Conference on Computer and
                     Information Technology ({EIConCIT})",
  author          = "Saragih, Raymond Erz and Emanuel, Andi W R",
  publisher       = "IEEE",
  month           =  apr,
  year            =  2021,
  copyright       = "https://ieeexplore.ieee.org/Xplorehelp/downloads/license-information/IEEE.html",
  conference      = "2021 3rd East Indonesia Conference on Computer and
                     Information Technology (EIConCIT)",
  location        = "Surabaya, Indonesia"
}

@INPROCEEDINGS{Mishra2022-kz,
  title           = "Banana ripeness classification using transfer learning
                     techniques",
  booktitle       = "2022 International Conference on Computing, Communication,
                     Security and Intelligent Systems ({IC3SIS})",
  author          = "Mishra, Rajat and Goyal, Sejal and Choudhury, Tanupriya
                     and Sarkar, Tanmay",
  publisher       = "IEEE",
  month           =  jun,
  year            =  2022,
  conference      = "2022 International Conference on Computing, Communication,
                     Security and Intelligent Systems (IC3SIS)",
  location        = "Kochi, India"
}

@INPROCEEDINGS{Anita2020-nm,
  title           = "Classification cherry's coffee using k-nearest neighbor
                     ({KNN}) and artificial neural network ({ANN})",
  booktitle       = "2020 International Conference on Information Technology
                     Systems and Innovation ({ICITSI})",
  author          = "Anita, Sri and {Albarda}",
  publisher       = "IEEE",
  month           =  oct,
  year            =  2020,
  copyright       = "https://ieeexplore.ieee.org/Xplorehelp/downloads/license-information/IEEE.html",
  conference      = "2020 International Conference on Information Technology
                     Systems and Innovation (ICITSI)",
  location        = "Bandung - Padang, Indonesia"
}

@ARTICLE{Castro2019-hk,
  title     = "Classification of cape gooseberry fruit according to its level
               of ripeness using machine learning techniques and different
               color spaces",
  author    = "Castro, Wilson and Oblitas, Jimy and De-La-Torre, Miguel and
               Cotrina, Carlos and Bazan, Karen and Avila-George, Himer",
  journal   = "IEEE Access",
  publisher = "Institute of Electrical and Electronics Engineers (IEEE)",
  volume    =  7,
  pages     = "27389--27400",
  year      =  2019,
  copyright = "https://ieeexplore.ieee.org/Xplorehelp/downloads/license-information/OAPA.html"
}

@INPROCEEDINGS{Muladi2019-jp,
  title           = "Classification of eligibility consumption of manalagi
                     apple fruit varieties using backpropagation",
  booktitle       = "2019 International Conference on Advanced Mechatronics,
                     Intelligent Manufacture and Industrial Automation
                     ({ICAMIMIA})",
  author          = "Muladi, Muladi and Lestari, Dyah and Prasetyo, Dedy Tri",
  publisher       = "IEEE",
  month           =  oct,
  year            =  2019,
  conference      = "2019 International Conference on Advanced Mechatronics,
                     Intelligent Manufacture and Industrial Automation
                     (ICAMIMIA)",
  location        = "Batu, Indonesia"
}

@INPROCEEDINGS{Al_Haque2021-fw,
  title           = "{CNN} based automatic computer vision system for strain
                     detection and quality identification of banana",
  booktitle       = "2021 International Conference on Automation, Control and
                     Mechatronics for Industry 4.0 ({ACMI})",
  author          = "Al Haque, A S M Farhan and Hakim, Md Azizul and Hafiz,
                     Rubaiya",
  publisher       = "IEEE",
  month           =  jul,
  year            =  2021,
  conference      = "2021 International Conference on Automation, Control and
                     Mechatronics for Industry 4.0 (ACMI)",
  location        = "Rajshahi, Bangladesh"
}

@ARTICLE{Tamayo-Monsalve2022-ud,
  title     = "Coffee maturity classification using convolutional neural
               networks and transfer learning",
  author    = "Tamayo-Monsalve, Manuel Alejandro and Mercado-Ruiz, Esteban and
               Villa-Pulgarin, Juan Pablo and Bravo-Ortiz, Mario Alejandro and
               Arteaga-Arteaga, Harold Brayan and Mora-Rubio, Alejandro and
               Alzate-Grisales, Jesus Alejandro and Arias-Garzon, Daniel and
               Romero-Cano, Victor and Orozco-Arias, Simon and Gustavo-Osorio,
               Gustavo and Tabares-Soto, Reinel",
  journal   = "IEEE Access",
  publisher = "Institute of Electrical and Electronics Engineers (IEEE)",
  volume    =  10,
  pages     = "42971--42982",
  year      =  2022,
  copyright = "https://creativecommons.org/licenses/by/4.0/legalcode"
}

@INPROCEEDINGS{Prabhu2022-zh,
  title           = "Computer vision system in identifying the ripening stages
                     of mango -- Alphonso cultivar",
  booktitle       = "2022 {IEEE} International Conference on Data Science and
                     Information System ({ICDSIS})",
  author          = "Prabhu, Akshatha and Mamatha, C",
  publisher       = "IEEE",
  month           =  jul,
  year            =  2022,
  conference      = "2022 IEEE International Conference on Data Science and
                     Information System (ICDSIS)",
  location        = "Hassan, India"
}

@INPROCEEDINGS{Park2021-de,
  title           = "Convolution neural network ({CNN}) based automatic sorting
                     of cherries",
  booktitle       = "2021 {IEEE} International Conference on Robotics,
                     Automation and Artificial Intelligence ({RAAI})",
  author          = "Park, Hajun and Khan, Muhammad Umer",
  publisher       = "IEEE",
  month           =  apr,
  year            =  2021,
  conference      = "2021 IEEE International Conference on Robotics, Automation
                     and Artificial Intelligence (RAAI)",
  location        = "Hong Kong, Hong Kong"
}

@INPROCEEDINGS{Stasenko2021-jt,
  title           = "Deep learning for postharvest decay prediction in apples",
  booktitle       = "{IECON} 2021 -- 47th Annual Conference of the {IEEE}
                     Industrial Electronics Society",
  author          = "Stasenko, Nikita and Savinov, Maxim and Burlutskiy,
                     Valeriy and Pukalchik, Maria and Somov, Andrey",
  publisher       = "IEEE",
  month           =  oct,
  year            =  2021,
  copyright       = "https://ieeexplore.ieee.org/Xplorehelp/downloads/license-information/IEEE.html",
  conference      = "IECON 2021 - 47th Annual Conference of the IEEE Industrial
                     Electronics Society",
  location        = "Toronto, ON, Canada"
}
@inproceedings{Azizah2017,
  doi = {10.1109/iccsce.2017.8284412},
  url = {https://doi.org/10.1109/iccsce.2017.8284412},
  year = {2017},
  month = nov,
  publisher = {{IEEE}},
  author = {Laila Ma{\textquotesingle}rifatul Azizah and Sitti Fadillah Umayah and Slamet Riyadi and Cahya Damarjati and Nafi Ananda Utama},
  title = {Deep learning implementation using convolutional neural network in mangosteen surface defect detection},
  booktitle = {2017 7th {IEEE} International Conference on Control System,  Computing and Engineering ({ICCSCE})}
}
@inproceedings{Hasan2021,
  doi = {10.1109/icccnt51525.2021.9579995},
  url = {https://doi.org/10.1109/icccnt51525.2021.9579995},
  year = {2021},
  month = jul,
  publisher = {{IEEE}},
  author = {Md. Mehedi Hasan and Khairul Alam and Md. Newaz Ahmed Diganta and Arafat Ullah Nur and Md. Tarek Habib and Farruk Ahmed},
  title = {Defected Bitter Gourd Detection Using Convolutional Neural Network: A Computer Vision Approach to Reduce Cost and Time},
  booktitle = {2021 12th International Conference on Computing Communication and Networking Technologies ({ICCCNT})}
}
@article{Zhang2020,
  doi = {10.1109/access.2020.2974262},
  url = {https://doi.org/10.1109/access.2020.2974262},
  year = {2020},
  publisher = {Institute of Electrical and Electronics Engineers ({IEEE})},
  volume = {8},
  pages = {38833--38845},
  author = {Wenzhuo Zhang and Juan Hu and Guoxiong Zhou and Mingfang He},
  title = {Detection of Apple Defects Based on the {FCM}-{NPGA} and a Multivariate Image Analysis},
  journal = {{IEEE} Access}
}
@article{MiraeiAshtiani2021,
  doi = {10.1109/access.2021.3096550},
  url = {https://doi.org/10.1109/access.2021.3096550},
  year = {2021},
  publisher = {Institute of Electrical and Electronics Engineers ({IEEE})},
  volume = {9},
  pages = {100380--100394},
  author = {Seyed-Hassan Miraei Ashtiani and Shima Javanmardi and Mehrdad Jahanbanifard and Alex Martynenko and Fons J. Verbeek},
  title = {Detection of Mulberry Ripeness Stages Using Deep Learning Models},
  journal = {{IEEE} Access}
}
@inproceedings{Vo2019,
  doi = {10.1109/nics48868.2019.9023803},
  url = {https://doi.org/10.1109/nics48868.2019.9023803},
  year = {2019},
  month = dec,
  publisher = {{IEEE}},
  author = {Minh Thanh Vo and Tuan Duc Nguyen and Nhan T. Dang},
  title = {Embedded Machine Learning for Mango Classification Using Image Processing and Support Vector Machine},
  booktitle = {2019 6th {NAFOSTED} Conference on Information and Computer Science ({NICS})}
}
@inproceedings{Basri2018,
  doi = {10.1109/kcic.2018.8628566},
  url = {https://doi.org/10.1109/kcic.2018.8628566},
  year = {2018},
  month = oct,
  publisher = {{IEEE}},
  author = {Hasan Basri and Iwan Syarif and Sritrustra Sukaridhoto},
  title = {Faster R-{CNN} Implementation Method for Multi-Fruit Detection Using Tensorflow Platform},
  booktitle = {2018 International Electronics Symposium on Knowledge Creation and Intelligent Computing ({IES}-{KCIC})}
}
@inproceedings{Kumar2021,
  doi = {10.1109/icumt54235.2021.9631643},
  url = {https://doi.org/10.1109/icumt54235.2021.9631643},
  year = {2021},
  month = oct,
  publisher = {{IEEE}},
  author = {Arnav Kumar and Rakesh Chandra Joshi and Malay Kishore Dutta and Martin Jonak and Radim Burget},
  title = {Fruit-{CNN}: An Efficient Deep learning-based Fruit Classification and Quality Assessment for Precision Agriculture},
  booktitle = {2021 13th International Congress on Ultra Modern Telecommunications and Control Systems and Workshops ({ICUMT})}
}
@inproceedings{Pise2018,
  doi = {10.1109/icscet.2018.8537342},
  url = {https://doi.org/10.1109/icscet.2018.8537342},
  year = {2018},
  month = jan,
  publisher = {{IEEE}},
  author = {Dnyaneshwari Pise and G. D. Upadhye},
  title = {Grading of Harvested Mangoes Quality and Maturity Based on Machine Learning Techniques},
  booktitle = {2018 International Conference on Smart City and Emerging Technology ({ICSCET})}
}
@inproceedings{Wagimin2022,
  doi = {10.1109/aidas56890.2022.9918732},
  url = {https://doi.org/10.1109/aidas56890.2022.9918732},
  year = {2022},
  month = sep,
  publisher = {{IEEE}},
  author = {Mohd Nazuan Wagimin and Mohammad Hafiz bin Ismail and Shukor Sanim Mohd Fauzi and Nurul Ain Mohd Zaki},
  title = {Grading of Mango Fruits Based on Physical Measurements},
  booktitle = {2022 3rd International Conference on Artificial Intelligence and Data Sciences ({AiDAS})}
}
@inproceedings{Zeb2022,
  doi = {10.1109/icmre54455.2022.9734107},
  url = {https://doi.org/10.1109/icmre54455.2022.9734107},
  year = {2022},
  month = feb,
  publisher = {{IEEE}},
  author = {Ayesha Zeb and Waqar S. Qureshi and Abdul Ghafoor and Dympna O{\textquotesingle} Sullivan},
  title = {Learning Fruit Class from Short Wave Near Infrared Spectral Features,  an {AI} Approach Towards Determining Fruit Type},
  booktitle = {2022 8th International Conference on Mechatronics and Robotics Engineering ({ICMRE})}
}
@inproceedings{Tran2021,
  doi = {10.1109/snpdwinter52325.2021.00014},
  url = {https://doi.org/10.1109/snpdwinter52325.2021.00014},
  year = {2021},
  month = jan,
  publisher = {{IEEE}},
  author = {Nhut-Thanh Tran and Quoc-Thang Phan and Chanh-Nghiem Nguyen and Masayuki Fukuzawa},
  title = {Machine Learning-Based Classification of Apple Sweetness with Multispectral Sensor},
  booktitle = {2021 21st {ACIS} International Winter Conference on Software Engineering,  Artificial Intelligence,  Networking and Parallel/Distributed Computing ({SNPD}-Winter)}
}
@inproceedings{GarillosManliguez2021,
  doi = {10.1109/cce53527.2021.9633060},
  url = {https://doi.org/10.1109/cce53527.2021.9633060},
  year = {2021},
  month = nov,
  publisher = {{IEEE}},
  author = {Cinmayii A. Garillos-Manliguez and John Y. Chiang},
  title = {Multimodal Deep Learning via Late Fusion for Non-Destructive Papaya Fruit Maturity Classification},
  booktitle = {2021 18th International Conference on Electrical Engineering,  Computing Science and Automatic Control ({CCE})}
}
@inproceedings{Annaland2020,
  doi = {10.1109/ivcnz51579.2020.9290674},
  url = {https://doi.org/10.1109/ivcnz51579.2020.9290674},
  year = {2020},
  month = nov,
  publisher = {{IEEE}},
  author = {Yerren van Sint Annaland and Lech Szymanski and Steven Mills},
  title = {Predicting Cherry Quality Using Siamese Networks},
  booktitle = {2020 35th International Conference on Image and Vision Computing New Zealand ({IVCNZ})}
}
@inproceedings{Nipas2022,
  doi = {10.1109/icsgrc55096.2022.9845169},
  url = {https://doi.org/10.1109/icsgrc55096.2022.9845169},
  year = {2022},
  month = jul,
  publisher = {{IEEE}},
  author = {Marte D. Nipas and Mon Arjay F. Malbog and Jennalyn N. Mindoro and Rufo I. Marasigan and Jennifer B. Enriquez},
  title = {{QualiOn}: An Onion Quality Analyzer and Sorter Device using Random Forest Classifier},
  booktitle = {2022 {IEEE} 13th Control and System Graduate Research Colloquium ({ICSGRC})}
}
@inproceedings{Lu2018,
  doi = {10.1109/imcec.2018.8469315},
  url = {https://doi.org/10.1109/imcec.2018.8469315},
  year = {2018},
  month = may,
  publisher = {{IEEE}},
  author = {Min Lu and Caihong Li and Lingling Li and Yuan Wu and Yi Yang},
  title = {Rapid Detecting Soluble Solid Content of Pears Based on Near-Infrared Spectroscopy},
  booktitle = {2018 2nd {IEEE} Advanced Information Management, Communicates, Electronic and Automation Control Conference ({IMCEC})}
}
@inproceedings{Indrabayu2019,
  doi = {10.1109/icoiact46704.2019.8938457},
  url = {https://doi.org/10.1109/icoiact46704.2019.8938457},
  year = {2019},
  month = jul,
  publisher = {{IEEE}},
  author = {Indrabayu Indrabayu and Nurhikma Arifin and Intan Sari Areni},
  title = {Strawberry Ripeness Classification System Based On Skin Tone Color using Multi-Class Support Vector Machine},
  booktitle = {2019 International Conference on Information and Communications Technology ({ICOIACT})}
}
@inproceedings{Shi2019,
  doi = {10.1109/wcmeim48965.2019.00153},
  url = {https://doi.org/10.1109/wcmeim48965.2019.00153},
  year = {2019},
  month = nov,
  publisher = {{IEEE}},
  author = {Xunang Shi and Xuncheng Wu},
  title = {Tomato Processing Defect Detection Using Deep Learning},
  booktitle = {2019 2nd World Conference on Mechanical Engineering and Intelligent Manufacturing ({WCMEIM})}
}
@inproceedings{Rangel2021,
  doi = {10.1109/isie45552.2021.9576169},
  url = {https://doi.org/10.1109/isie45552.2021.9576169},
  year = {2021},
  month = jun,
  publisher = {{IEEE}},
  author = {Fatima Rangel and Emmy Saez and Anel Henry and Danilo Caceres-Hernandez and Javier Sanchez Galan},
  title = {Using Visible/Near-Infrared Reflectance Spectroscopy and Chemometrics for the Rapid Evaluation of Two Panamanian Watermelon (Citrullus lanatus) Varieties},
  booktitle = {2021 {IEEE} 30th International Symposium on Industrial Electronics ({ISIE})}
}
@inproceedings{EAngelia2021,
  doi = {10.1145/3467707.3467715},
  url = {https://doi.org/10.1145/3467707.3467715},
  year = {2021},
  month = apr,
  publisher = {{ACM}},
  author = {Randy E. Angelia and Kaycee Claire R. Villaverde and Kristopher E. Recto and Regine B. Bactat},
  title = {Dried Robusta Coffee Bean Quality Classification Using Convolutional Neural Network Algorithm},
  booktitle = {2021 7th International Conference on Computing and Artificial Intelligence}
}
@inproceedings{Bhole2020,
  doi = {10.1145/3368308.3415370},
  url = {https://doi.org/10.1145/3368308.3415370},
  year = {2020},
  month = oct,
  publisher = {{ACM}},
  author = {Varsha Bhole and Arun Kumar},
  title = {Mango Quality Grading using Deep Learning Technique: Perspectives from Agriculture and Food Industry},
  booktitle = {Proceedings of the 21st Annual Conference on Information Technology Education}
}
@inproceedings{Geng2021,
  doi = {10.1145/3467707.3467716},
  url = {https://doi.org/10.1145/3467707.3467716},
  year = {2021},
  month = apr,
  publisher = {{ACM}},
  author = {Lei Geng and Yalong Huang and Wen Wang and Ye Song and Nuohan Song and Heng Zhao and Quan Guo},
  title = {Research on Apple Variety Classification Based on the Combination of Hyperspectral and Deep Learning},
  booktitle = {2021 7th International Conference on Computing and Artificial Intelligence}
}